
@article{polak_philosophy_2019,
	title = {Philosophy in science: {A} name with a long intellectual tradition},
	issn = {2451-0602},
	shorttitle = {Philosophy in science},
	url = {https://zfn.edu.pl/index.php/zfn/article/view/472},
	language = {en},
	number = {66},
	urldate = {2019-08-26},
	journal = {Philosophical Problems in Science (Zagadnienia Filozoficzne w Nauce)},
	author = {Polak, Paweł},
	month = jul,
	year = {2019},
	pages = {251--270}
}

@article{szyszkowski_slowacki_1921,
	title = {Słowacki i {Bergson}. {Ewolucja} ducha},
	volume = {1},
	language = {pl},
	number = {1-3},
	journal = {Nowy Przegląd Literatury i Sztuki},
	author = {Szyszkowski, Bohdan},
	year = {1921},
	pages = {35--68}
}

@book{szyszkowski_1918,
	address = {Kiev},
	title = {Primenenie teorii stroenija atomov i molekul {Dž}. {Dž}. {Tomsona} k chimii},
	language = {ru},
	publisher = {Tip. t-va I.N. Kušnarev i K*},
	author = {Szyszkowski, Bohdan},
	year = {1918}
}

@article{maxwell_dynamical_1865,
	title = {A dynamical theory of the electromagnetic field},
	volume = {155},
	url = {https://royalsocietypublishing.org/doi/abs/10.1098/rstl.1865.0008},
	language = {en},
	urldate = {2019-11-12},
	journal = {Philosophical Transactions of the Royal Society of London},
	author = {Maxwell, James C.},
	year = {1865},
	pages = {459--512}
}

@incollection{maxwell_ether_1878,
	address = {New York},
	series = {Ninth {Edition}},
	title = {Ether},
	volume = {VIII},
	booktitle = {Encyclopædia {Britannica} a {Dictionary} of {Arts}, {Sciences}, and {General} {Literature}},
	publisher = {Charles Scribner's Sons},
	author = {Maxwell, James C.},
	year = {1878},
	pages = {568--572}
}

@article{einstein_uber_1905,
	title = {Über einen die {Erzeugung} und {Verwandlung} des {Lichtes} betreffendedn heuristichen {Gesichtspunkt}},
	volume = {17},
	journal = {Annalen der Physik},
	author = {Einstein, Albert},
	year = {1905},
	pages = {133--148}
}

@article{minkowski_raum_1909,
	title = {Raum und {Zeit}},
	journal = {Jahresberichte der Deutschen Mathematiker-Vereinigung},
	author = {Minkowski, Hermann},
	year = {1909},
	pages = {75--88}
}

@article{bialobrzeski_sur_1913,
	series = {A},
	title = {Sur l’équilibre thermodynamique d’une sphère gazeuse libre},
	journal = {Bulletin International de l’Académie des Sciences de Cracovie},
	author = {Białobrzeski, Czesław},
	year = {1913},
	pages = {264--290},
	file = {Bialobrzeski_1913_Sur l equilibre_OCR.djvu:/home/pawel/.zotero/zotero/2felkxqq.default/zotero/storage/RN7VVKQ8/Bialobrzeski_1913_Sur l equilibre_OCR.djvu:image/vnd.djvu}
}

@book{british_association_for_the_advancement_of_science_report_1914,
	address = {London},
	title = {Report of the {British} {Association} for the {Advancement} of {Science}},
	volume = {83rd Meeting (1913)},
	publisher = {John Murray, Albemarle Street},
	author = {British Association for the Advancement of Science},
	year = {1914},
	keywords = {BSA, Lodge, Thompson}
}

@article{bialobrzeski_rzeczywistosc_1916,
	title = {Rzeczywistość w ujęciu przyrodoznawstwa},
	volume = {I},
	number = {1},
	journal = {Przegląd Naukowy i Pedagogiczny},
	author = {Białobrzeski, Czesław},
	year = {1916},
	pages = {29--43}
}

@article{szyszkowski_o_1916,
	title = {O ciągłości},
	volume = {1},
	number = {1},
	journal = {Przegląd Naukowy i Pedagogiczny},
	author = {Szyszkowski, Bohdan},
	year = {1916},
	keywords = {filozofia, ciągłość, fizyka, mechanika kwantowa, Szyszkowski, teoria kwanów},
	pages = {44--55}
}

@article{bialobrzeski_zasada_1911,
	title = {Zasada względności i niektóre jej zastosowania},
	volume = {1},
	number = {1},
	journal = {Wektor},
	author = {Białobrzeski, Czesław},
	year = {1911}
}

@article{szyszkowski_1911,
	title = {Novějšīe vzgljady na stroenīe atomov"},
	volume = {12},
	language = {ru},
	journal = {Fizičeskoe Obozrěnie},
	author = {Szyszkowski, Bogdan},
	year = {1911},
	keywords = {Szyszkowski},
	pages = {346--356}
}

@incollection{lodge_continuity_1914,
	address = {London},
	title = {Continuity},
	booktitle = {Report of {The} {Eighty}-{Third} {Meeting} of {The} {British} {Association} for {The} {Advancement} of {Science}, {Birmingham}: 1913, {September} 10-17},
	publisher = {John Murray, Albemarle Street},
	author = {Lodge, Oliver J.},
	year = {1914},
	keywords = {Lodge, Szyszkowski},
	pages = {3--42}
}

@article{szyszkowski_entropja_1917,
	title = {Entropja},
	volume = {I},
	number = {2},
	journal = {Wiadomości Bibliograficzne},
	author = {Szyszkowski, Bogdan},
	year = {1917},
	pages = {63}
}

@article{kaminski_wyzsze_1917,
	title = {Wyższe {Polskie} {Kursy} {Naukowe} w {Kijowie}},
	volume = {1},
	number = {3},
	journal = {Wiadomości Bibliograficzne},
	author = {Kamiński, S. L.},
	month = mar,
	year = {1917},
	keywords = {Filozofia przyrody, Szyszkowski, Białobrzeski},
	pages = {87--88}
}

@article{szyszkowski_slowacki_1920,
	title = {Słowacki i {Bergson}. {Godzina} myśłi},
	volume = {1},
	number = {149},
	journal = {Rzeczpospolita},
	author = {Szyszkowski, Bohdan},
	month = nov,
	year = {1920},
	pages = {4--5}
}

@article{swietoslawski_sp_1931,
	title = {Ś.p. {Bohdan} {Szyszkowski}. ({Ze} wspomnień osobistych).},
	volume = {XI},
	journal = {Roczniki Chemji},
	author = {Świętosławski, Wojciech},
	year = {1931},
	keywords = {Szyszkowski, Roczniki Chemji, Świętosławski},
	pages = {783--785}
}

@book{noauthor_noty_1917,
	title = {[{Noty} z wykładów na {Wyższych} {Polskich} {Kursach} {Naukowych} w {Kijowie}]},
	language = {pol},
	publisher = {Biblioteka Narodowa, Rps 7782 II},
	year = {1917},
	keywords = {1901-2000, Szyszkowski, Jakubanis, Janowski, Kijów, Nowodworski}
}

@article{szyszkowski_slowacki_1920-1,
	title = {Słowacki i {Bergson}. {Godzina} myśli},
	volume = {1},
	number = {148},
	journal = {Rzeczpospolita},
	author = {Szyszkowski, Bohdan},
	month = nov,
	year = {1920},
	pages = {4}
}

@article{szyszkowski_slowacki_1920-2,
	title = {Słowacki i {Bergson}. {Godzina} myśli},
	volume = {1},
	number = {150},
	journal = {Rzeczpospolita},
	author = {Szyszkowski, Bohdan},
	month = nov,
	year = {1920},
	pages = {4--5}
}

@article{skapski_charakterystyka_1931,
	title = {Charakterystyka twórczości naukowej {Bohdana} {Szyszkowskiego}},
	volume = {XI},
	journal = {Roczniki Chemji},
	author = {Skąpski, Adam},
	year = {1931},
	keywords = {Szyszkowski, Roczniki Chemji, Skąpski},
	pages = {786--794}
}

@article{bialobrzeski_ogolnonaukowe_1937,
	title = {Ogólnonaukowe konsekwencje spółczesnej fizyki},
	volume = {VIII},
	number = {3},
	journal = {Fizyka i Chemia w Szkole},
	author = {Białobrzeski, Czesław},
	month = mar,
	year = {1937},
	pages = {243--253}
}

@article{dabrowski_o_1980,
	title = {O pewnej arystotelizującej interpretacji poglądów {Czesława} {Białobrzeskiego}},
	volume = {1(115)},
	journal = {Euhemer - Przegląd Religioznawczy},
	author = {Dąbrowski, Stanisław},
	year = {1980},
	pages = {67--77},
	file = {Dąbrowski - 1980 - O pewnej arystotelizującej interpretacji poglądów .pdf:/home/pawel/.zotero/zotero/2felkxqq.default/zotero/storage/68YCZPK8/Dąbrowski - 1980 - O pewnej arystotelizującej interpretacji poglądów .pdf:application/pdf}
}

@article{bensaude-vincent_when_1988,
	title = {When a {Physicist} {Turns} on {Philosophy}: {Paul} {Langevin} (1911-39)},
	volume = {49},
	issn = {00225037, 10863222},
	url = {http://www.jstor.org/stable/2709503},
	number = {2},
	journal = {Journal of the History of Ideas},
	author = {Bensaude-Vincent, B.},
	year = {1988},
	keywords = {filozofia, fizyka, Białobrzeski, Langevin},
	pages = {319--338}
}

@article{roziewicz_polskie_1991,
	title = {Polskie {Kolegium} {Uniwersyteckie} w {Kijowie} (1917-1919)},
	language = {pl},
	number = {34},
	journal = {Rozprawy z Dziejów Oświaty},
	author = {Róziewicz, Jerzy and Zasztowt, Leszek},
	year = {1991},
	keywords = {Białobrzeski, Kijów, Kolegium},
	pages = {93--123}
}

@article{zamecki_bohdan_1998,
	title = {Bohdan {Szyszkowski}},
	volume = {77},
	number = {4},
	journal = {Przemysł Chemiczny},
	author = {Zamecki, Stefan},
	year = {1998},
	pages = {149--151}
}

@book{aleksandrow_zagadnienia_1953,
	address = {Warszawa},
	series = {Zagadnienia {Filozoficzne} {Fizyki}},
	title = {Zagadnienia filozoficzne mechaniki kwantowej},
	volume = {1},
	publisher = {Państwowe Wydawnictwo Naukowe},
	author = {Aleksandrow, A. and Błochincew, D. and Fock, W. and Terlecki, J.},
	year = {1953}
}

@book{whittaker_history_1953,
	address = {London},
	title = {A history of the theories of aether and electricity: [{Vol}. 2], {The} modern theories 1900-1926},
	language = {en},
	publisher = {Thomas Nelson and Sons},
	author = {Whittaker, Edmund Taylor},
	year = {1953},
	keywords = {Eter (przestrzeń) – historia}
}

@book{jammer_conceptual_1966,
	address = {New York; London},
	series = {International series in pure and applied physics},
	title = {The {Conceptual} {Development} of {Quantum} {Mechanics}},
	language = {en},
	publisher = {McGraw-Hill},
	author = {Jammer, Max},
	year = {1966},
	keywords = {Quantum theory}
}

@book{kostro_philosophie_1969,
	address = {Romae},
	title = {La philosophie de la physique de {Czesław} {Białobrzeski} et ses relations avec philosophie aristotélicienne},
	language = {fr},
	publisher = {Pontificia Universitas Gregoriana},
	author = {Kostro, Ludwik},
	year = {1969},
	keywords = {Białobrzeski, Czesław, Kostro, Ludwik}
}

@article{theocharis_maxwells_1983,
	title = {On {Maxwell}’s ether},
	volume = {36},
	issn = {1827-613X},
	url = {https://doi.org/10.1007/BF02747120},
	doi = {10.1007/BF02747120},
	abstract = {SummaryA new interpretation of Maxwell’s electromagnetic theory of light is proposed, namely that the ambient Coulomb field is the medium (Maxwell’s ether) of the electromagnetic radiation fields (Maxwellian waves). This investigation implies an incompleteness of the experimental foundations of the principle of special relativity, and suggests how this principle could be tested more fully. The beginning of an attempt to shape this re-interpretation in the form of an alternative theory is outlined.},
	language = {en},
	number = {11},
	urldate = {2019-11-12},
	journal = {Lettere al Nuovo Cimento},
	author = {Theocharis, T.},
	year = {1983},
	keywords = {03.50, Classical field theory},
	pages = {325--332}
}

@book{bialobrzeski_podstawy_1984,
	address = {Warszawa},
	edition = {Wyd. 2 rozszerzone},
	title = {Podstawy poznawcze fizyki świata atomowego},
	isbn = {978-83-01-04906-5},
	publisher = {Państwowe Wydawnictwo Naukowe},
	author = {Białobrzeski, Czesław},
	collaborator = {{Państwowe Wydawnictwo Naukowe (1951-1992)}},
	year = {1984},
	keywords = {filozofia, historia, Fizyka, 20 w, Teoria kwantowa, Teoria poznania, Ontologia, Fizyka atomowa}
}

@incollection{sroka_szyszkowski_2002,
	address = {Warszawa-Kraków},
	title = {Szyszkowski {Bohdan} {Marian}},
	volume = {XLI},
	booktitle = {Polski {Słownik} {Biograficzny}},
	publisher = {Polska Akademia Nauk, Polska Akademia Umiejętności},
	author = {Sroka, Stanisław Tadeusz},
	year = {2002},
	pages = {391--392}
}

@book{heller_krakowska_2007,
	address = {Kraków : Tarnów},
	series = {Źródła: {Filozofia} {Przyrody}, {Filozofia} {Nauki}},
	title = {Krakowska filozofia przyrody w okresie międzywojennym. {T}. 1: {Początki}},
	volume = {1},
	isbn = {978-83-7332-429-9},
	shorttitle = {Krakowska filozofia przyrody w okresie międzywojennym. {T}. 1},
	number = {3},
	publisher = {Ośrodek Badań Interdyscyplinarnych przy Wydziale Filozoficznym Papieskiej Akademii Teologicznej ; Wydawnictwo Diecezji Tarnowskiej Biblos},
	editor = {Heller, Michał and Mączka, Janusz},
	year = {2007},
	keywords = {historia, 1900-1945, Polska, Filozofia chrześcijańska, Filozofia przyrody, Filozofowie, Polska Kraków, Przyroda, filozofia historia, 1918-1939 r, Kraków (woj. małopolskie), Logika matematyczna, nauka}
}

@book{polak_bylem_2012,
	address = {Kraków},
	title = {,,{Byłem} {Pana} przeciwnikiem [profesorze {Einstein}]...'': {Relatywistyczna} rewolucja naukowa z perspektywy środowiska naukowo-filozoficznego przedwojennego {Lwowa}},
	isbn = {978-83-62259-32-8},
	language = {pol},
	publisher = {Copernicus Center Press},
	author = {Polak, Paweł},
	year = {2012},
	keywords = {filozofia, Względność (fizyka), 1900-1945, Lwów (Ukraina), Filozofia}
}

@incollection{mscislawski_miedzy_2017,
	address = {Kraków},
	title = {Między filozofią w nauce a filozofią przyrody: {Piękno} systemu w konkrecie: zakaz {Pauliego} a filozofia {Czesława} {Białobrzeskiego}},
	booktitle = {Oblicza filozofii w nauce : księga pamiątkowa z okazji 80. urodzin {Michała} {Hellera}},
	publisher = {Copernicus Center Press},
	author = {Mścisławski, Łukasz},
	editor = {Polak, Paweł and Grygiel, Wojciech P. and Mączka, Janusz},
	year = {2017},
	pages = {133--153}
}

@book{kragh_quantum_1999,
	address = {Princeton},
	title = {Quantum {Generations}: {A} {History} of {Physics} in the {Twentieth} {Century}},
	isbn = {978-0-691-01206-3},
	shorttitle = {Quantum {Generations}},
	language = {en},
	publisher = {University Press},
	author = {Kragh, Helge},
	year = {1999},
	keywords = {Physics, History, 20th century}
}

@book{pais_subtle_2005,
	address = {Oxford},
	title = {'{Subtle} {Is} the {Lord}': {The} {Science} and the {Life} of {Albert} {Einstein}},
	isbn = {978-0-19-280672-7},
	language = {en},
	publisher = {Oxford University Press},
	author = {Pais, Abraham},
	year = {2005},
	keywords = {1879-1955, Albert, Einstein, Physicists – Germany – Biography, Physics – History}
}

@book{heller_krakowska_2007-1,
	address = {Kraków : Tarnów},
	series = {Źródła: {Filozofia} {Przyrody}, {Filozofia} {Nauki}},
	title = {Krakowska filozofia przyrody w okresie międzywojennym. {T}. 3: {Smoluchowski}, {Natanson}, inni},
	volume = {3},
	isbn = {978-83-7332-431-2},
	shorttitle = {Krakowska filozofia przyrody w okresie międzywojennym. {T}. 3},
	number = {5},
	publisher = {Ośrodek Badań Interdyscyplinarnych przy Wydziale Filozoficznym Papieskiej Akademii Teologicznej ; Wydawnictwo Diecezji Tarnowskiej Biblos},
	editor = {Heller, Michał and Mączka, Janusz},
	year = {2007},
	keywords = {historia, 1900-1945, Polska, Filozofia chrześcijańska, Filozofia przyrody, Filozofowie, Polska Kraków, Przyroda, filozofia historia, 1918-1939 r, Kraków (woj. małopolskie), Logika matematyczna, nauka}
}

@book{korzeniowski_za_2009,
	address = {Lublin},
	title = {Za {Złotą} {Bramą}: {Działalność} społeczno-kulturalna {Polaków} w {Kijowie} w latach 1905-1920},
	isbn = {978-83-227-3046-1},
	shorttitle = {Za {Złotą} {Bramą}},
	language = {pl},
	publisher = {Wydawnictwo Uniwersytetu Marii Curie-Skłodowskiej},
	author = {Korzeniowski, Mariusz},
	year = {2009},
	keywords = {Polska, Polacy za granicą, 1901-2000, kultura, 1901-1914, 1901-1939 r, 1914-1918, 1918-1939, Kijów (Ukraina), socjologia, Ukraina}
}

@article{dziekan_zagadnienie_2017,
	title = {Zagadnienie hipotez i teorii naukowych w rozważaniach filozoficznych {Mariana} {Smoluchowskiego}},
	volume = {LXII},
	journal = {Zagadnienia Filozoficzne w Nauce},
	author = {Dziekan, Małgorzata},
	year = {2017},
	pages = {7--71}
}

@article{szyszkowski_1911-1,
	title = {Max {Planck}. {Acht} {Vorlesungen} über theoretische {Physik}.},
	volume = {12},
	language = {ger},
	number = {1},
	journal = {Fizičeskoe Obozrěnie},
	author = {Szyszkowski, Bohdan},
	year = {1911},
	pages = {205--207}
}

@book{planck_acht_1910,
	address = {Leipzig},
	title = {Acht {Vorlesungen} über theoretische {Physik} gehalten an der {Columbia} {University} in the {City} of {New} {York} im {Frühjahr} 1909},
	language = {ger},
	publisher = {Verlag von S. Hirzel},
	author = {Planck, Max},
	year = {1910}
}

@book{leszczynski_wprowadzenie_2003,
	address = {Wrocław},
	series = {Acta {Universitatis} {Wratislaviensis}},
	title = {Wprowadzenie do francuskiej filozofii nauki od {Comte}'a do {Foucaulta}},
	isbn = {978-83-229-2397-9},
	shorttitle = {Wprowadzenie do francuskiej filozofii nauki},
	language = {pl},
	number = {2493},
	publisher = {Wydawnictwo Uniwersytetu Wrocławskiego},
	author = {Leszczyński, Damian and Szlachcic, Krzysztof},
	year = {2003},
	keywords = {Science, Biography, 20th century, 19th century, France, Philosophers, Philosophy History, Philosophy, French},
	file = {Leszczyński Szlachcic_Wprowadzenie do francuskiej filozofii nauki.djvu:/home/pawel/.zotero/zotero/2felkxqq.default/zotero/storage/BXNHWY4A/Leszczyński Szlachcic_Wprowadzenie do francuskiej filozofii nauki.djvu:image/vnd.djvu}
}

@book{arrhenius_lehrbuch_1903,
	address = {Leipzig},
	title = {Lehrbuch der kosmischen {Physik}},
	language = {de},
	publisher = {Verlag von S. Hirzel},
	author = {Arrhenius, Svante August},
	year = {1903},
	keywords = {Astrofizyka}
}

@book{poincare_nauka_1908,
	address = {Warszawa-Lwów},
	title = {Nauka i hypoteza},
	language = {pl},
	publisher = {Jakób Mortkowicz, G. Centnerszwer i Ska; H. Altenberg},
	author = {Poincaré, Henri},
	translator = {Horwitz, M.H.},
	year = {1908}
}

@book{poincare_wartosc_1908,
	address = {Warszawa-Lwów},
	title = {Wartość nauki},
	language = {pl},
	publisher = {Jakób Mortkowicz; H. Altenberg},
	author = {Poincaré, Henri},
	translator = {Silberstein, Ludwik},
	year = {1908}
}

@article{szyszkowski_1909,
	title = {Novyj vzgljad" na vtoroj zakon" termodinamiki},
	volume = {10},
	language = {ru},
	number = {1},
	journal = {Fizičeskoe Obozrěnie},
	author = {Szyszkowski, Bogdan},
	year = {1909},
	keywords = {Szyszkowski},
	pages = {31--33},
	file = {Szyszkowski_FO_1909_T10_No1_(rus)_Nowy pogląd na II zasadę termodynamiki.djvu:/home/pawel/.zotero/zotero/2felkxqq.default/zotero/storage/QDC5HZWX/Szyszkowski_FO_1909_T10_No1_(rus)_Nowy pogląd na II zasadę termodynamiki.djvu:image/vnd.djvu}
}
