
@book{boh_epistemic_1993,
	address = {London; New York},
	series = {Topics in {Medieval} {Philosophy}},
	title = {Epistemic {Logic} in the {Later} {Middle} {Ages}},
	isbn = {978-0-415-05726-4},
	abstract = {Epistemic Logic studies statements containing verbs such as 'know' and 'wish'. It is one of the most exciting areas in medieval philosophy. Neglected almost entirely after the end of the Middle Ages, it has been rediscovered by philosophers of the present century. This is the first comprehensive study of the subject. Ivan Boh explores the rules for entailment between epistemic statements, the search for the conditions of knowing contingent propositions, the problems of substitutivity in intentional contexts, the relationship between epistemic and modal logic, and the problems of compo.},
	language = {en},
	publisher = {Routledge},
	author = {Boh, Ivan},
	year = {1993},
	keywords = {Logika epistemiczna, Logika średniowieczna}
}

@book{gazdar_pragmatics_1979,
	address = {New York},
	title = {Pragmatics: {Implicature}, {Presupposition} and {Logical} {Form}},
	shorttitle = {Pragmatics},
	language = {en},
	publisher = {Academic Press},
	author = {Gazdar, Gerald},
	year = {1979},
	note = {OCLC: 562660590}
}

@book{grice_studies_1989,
	address = {Cambridge, Massachusetts},
	title = {Studies in the {Way} of {Words}},
	isbn = {978-0-674-85270-9},
	language = {en},
	publisher = {Harvard University Press},
	author = {Grice, Paul},
	year = {1989},
	note = {OCLC: 644374880}
}

@book{knuuttila_modalities_1993,
	address = {London; New York},
	title = {Modalities in medieval philosophy},
	isbn = {978-0-415-05052-4},
	language = {en},
	publisher = {Routledge},
	author = {Knuuttila, Simo},
	year = {1993},
	file = {Snapshot:/home/pawel/.zotero/zotero/2felkxqq.default/zotero/storage/4A3NERSL/9780429055577.html:text/html}
}

@book{lechniak_przekonania_2011,
	address = {Lublin},
	title = {Przekonania i zmiana przekonań: analiza logiczna i filozoficzna},
	isbn = {978-83-7702-215-3},
	shorttitle = {Przekonania i zmiana przekonań},
	language = {pl},
	publisher = {Wydawnictwo KUL},
	author = {Lechniak, Marek},
	year = {2011},
	keywords = {Przekonanie (teoria poznania), Przekonanie i wątpienie}
}

@article{liau_belief_2003,
	title = {Belief, information acquisition, and trust in multi-agent systems—{A} modal logic formulation},
	volume = {149},
	issn = {0004-3702},
	url = {http://www.sciencedirect.com/science/article/pii/S0004370203000638},
	doi = {10.1016/S0004-3702(03)00063-8},
	abstract = {In this paper, we consider the influence of trust on the assimilation of acquired information into an agent's belief. By use of modal logic, we semantically and axiomatically characterize the relationship among belief, information acquisition and trust. The belief and information acquisition operators are respectively represented by KD45 and KD normal modalities, whereas trust is denoted by a modal operator with minimal semantics. One characteristic axiom of the basic system is if agent i believes that agent j has told him the truth of p and he trusts the judgement of j on p, then he will also believe p. In addition to the basic system, some variants and further axioms for trust and information acquisition are also presented to show the expressive richness of the logic. The applications of the logic to computer security and database reasoning are also suggested by its connection with some previous works.},
	language = {en},
	number = {1},
	urldate = {2020-07-07},
	journal = {Artificial Intelligence},
	author = {Liau, Churn-Jung},
	month = sep,
	year = {2003},
	keywords = {Belief, Information acquisition, Intelligent agents, Modal logic, Multi-agent systems, Trust},
	pages = {31--60},
	file = {ScienceDirect Full Text PDF:/home/pawel/.zotero/zotero/2felkxqq.default/zotero/storage/6LQQZ4SP/Liau - 2003 - Belief, information acquisition, and trust in mult.pdf:application/pdf;ScienceDirect Snapshot:/home/pawel/.zotero/zotero/2felkxqq.default/zotero/storage/XIIL47DJ/S0004370203000638.html:text/html}
}

@article{los_logiki_1948,
	title = {Logiki wielowartościowe a formalizacja funkcji intensjonalnych},
	volume = {17},
	language = {pl},
	number = {1-2},
	journal = {Kwartalnik Filozoficzny},
	author = {Łoś, J.},
	year = {1948},
	pages = {59--78}
}

@book{marciszewski_podstawy_1972,
	address = {Warszawa},
	title = {Podstawy logicznej teorii przekonań},
	language = {pl},
	publisher = {Państwowe Wydawnictwo Naukowe},
	author = {Marciszewski, Witold},
	year = {1972},
	keywords = {Asercja (językoznawstwo), Logika, Przekonanie (teoria poznania)}
}

@article{poczobut_sprzecznosci_1999,
	title = {Sprzeczności doksastyczne a zagadnienie racjonalności przekonań},
	volume = {7},
	url = {http://bazhum.muzhp.pl/media//files/Filozofia_Nauki/Filozofia_Nauki-r1999-t7-n3_4/Filozofia_Nauki-r1999-t7-n3_4-s61-84/Filozofia_Nauki-r1999-t7-n3_4-s61-84.pdf},
	language = {pl},
	number = {3-4},
	urldate = {2020-07-08},
	journal = {Filozofia Nauki},
	author = {Poczobut, Robert},
	year = {1999},
	pages = {61--84}
}

@article{parsons_argument_2014,
	title = {Argument schemes for reasoning about trust},
	volume = {5},
	issn = {1946-2166, 1946-2174},
	url = {http://content.iospress.com/doi/10.1080/19462166.2014.913075},
	doi = {10.1080/19462166.2014.913075},
	language = {en},
	number = {2-3},
	urldate = {2020-07-07},
	journal = {Argument \& Computation},
	author = {Parsons, Simon and Atkinson, Katie and Li, Zimi and McBurney, Peter and Sklar, Elizabeth and Singh, Munindar and Haigh, Karen and Levitt, Karl and Rowe, Jeff},
	month = may,
	year = {2014},
	pages = {160--190},
	file = {Pełny tekst:/home/pawel/.zotero/zotero/2felkxqq.default/zotero/storage/DGN358Q4/Parsons et al. - 2014 - Argument schemes for reasoning about trust.pdf:application/pdf}
}

@incollection{piechowicz_jezyk_2015,
	address = {Warszawa},
	title = {Język, przekonania i komputer},
	isbn = {978-83-7814-437-3},
	language = {pl},
	booktitle = {Informatyka a filozofia: {Od} informatyki i jej zastosowań do światopoglądu informatycznego},
	publisher = {Oficyna Wydawnicza Politechniki Warszawskiej},
	author = {Piechowicz, Robert},
	editor = {Stacewicz, Paweł},
	year = {2015},
	note = {1.5 arkusza},
	pages = {137--149}
}

@incollection{jacquette_epistemic_2006,
	address = {Malden, Mass.; Oxford},
	title = {Epistemic logic},
	isbn = {978-0-631-21671-1 978-1-4051-4575-6},
	abstract = {This collection of newly comissioned essays by international contributors offers a representative overview of the most important developments in contemporary philosophical logic. Presents controversies in philosophical implications and applications of formal symbolic logic. Surveys major trends and offers original insights.},
	language = {en},
	booktitle = {A {Companion} to {Philosophical} {Logic}},
	publisher = {Blackwell},
	author = {Rescher, Nicholas},
	editor = {Jacquette, Dale},
	year = {2006},
	note = {OCLC: 237665518},
	pages = {478--490}
}

@book{tokarz_elementy_1993,
	address = {Warszawa},
	series = {Logika i {Zastosowania} {Logiki}},
	title = {Elementy pragmatyki logicznej},
	isbn = {978-83-01-10917-2},
	language = {pl},
	publisher = {Wydawnictwo Naukowe PWN},
	author = {Tokarz, Marek},
	year = {1993},
	keywords = {Język i logika, Logika, Pragmatyka (językoznawstwo), Semiotyka}
}

@incollection{jacquette_epistemic_2002,
	address = {Malden, Mass},
	series = {Blackwell companions to philosophy},
	title = {Epistemic logic},
	isbn = {978-0-631-21671-1},
	abstract = {This collection of newly comissioned essays by international contributors offers a representative overview of the most important developments in contemporary philosophical logic. Presents controversies in philosophical implications and applications of formal symbolic logic. Surveys major trends and offers original insights.},
	language = {en},
	number = {22},
	booktitle = {A {Companion} to {Philosophical} {Logic}},
	publisher = {Blackwell},
	author = {Rescher, Nicholas},
	editor = {Jacquette, Dale},
	year = {2002},
	note = {OCLC: 237665518},
	keywords = {Logic},
	pages = {478--490}
}