
@article{wigner_unreasonable_1960,
	title = {The unreasonable effectiveness of mathematics in the natural sciences. {Richard} courant lecture in mathematical sciences delivered at {New} {York} {University}, {May} 11, 1959},
	volume = {13},
	issn = {1097-0312},
	shorttitle = {The unreasonable effectiveness of mathematics in the natural sciences},
	url = {http://onlinelibrary.wiley.com/doi/10.1002/cpa.3160130102/abstract},
	doi = {10.1002/cpa.3160130102},
	language = {en},
	number = {1},
	urldate = {2016-04-07},
	journal = {Communications on Pure and Applied Mathematics},
	author = {Wigner, Eugene P.},
	month = feb,
	year = {1960},
	pages = {1--14},
	file = {Snapshot:/home/pawel/.zotero/zotero/2felkxqq.default/zotero/storage/XVENUA84/abstract.html:text/html}
}

@article{malec_black_2018,
	title = {Black holes: do they exist?},
	copyright = {Copyright (c) 2018 Philosophical Problems in Science (Zagadnienia Filozoficzne w Nauce)},
	issn = {2451-0602},
	shorttitle = {Black holes},
	url = {https://zfn.edu.pl/index.php/zfn/article/view/438},
	language = {en},
	number = {65},
	urldate = {2020-07-16},
	journal = {Philosophical Problems in Science (Zagadnienia Filozoficzne w Nauce)},
	author = {Malec, Edward},
	month = dec,
	year = {2018},
	note = {Number: 65},
	keywords = {black holes, first observations of black holes, history of black holes, history of physics, present status of black holes},
	pages = {47--59},
	file = {Full Text PDF:/home/pawel/.zotero/zotero/2felkxqq.default/zotero/storage/YFXDJVIY/Malec - 2018 - Black holes do they exist.pdf:application/pdf;Snapshot:/home/pawel/.zotero/zotero/2felkxqq.default/zotero/storage/L7LFM6EK/438.html:text/html}
}

@article{staruszkiewicz_filozofia_2001,
	title = {Filozofia fizyki teoretycznej {Einsteina} i {Diraca}},
	abstract = {The subject of considerations in this work are Einstein's and Dirac's views on theoretical physics. Using as an example the Euclidean geometry and its epistemological status through the ages, the author outlines the basic philosophy of the modern theoretical physics, emphasising in particular the prominent role of ideas of simplicity and beauty as the guiding principles of research in theoretical physics.},
	language = {pl},
	number = {73},
	journal = {Foton},
	author = {Staruszkiewicz, Andrzej},
	year = {2001},
	pages = {4--13},
	file = {Staruszkiewicz - 2007 - Filozofia fizyki teoretycznej Einsteina i Diraca.pdf:/home/pawel/.zotero/zotero/2felkxqq.default/zotero/storage/L2XBJWVJ/Staruszkiewicz - 2007 - Filozofia fizyki teoretycznej Einsteina i Diraca.pdf:application/pdf}
}

@book{chandrasekhar_shakespeare_1975,
	address = {Chicago},
	series = {The {Nora} and {Edward} {Ryerson} lecture},
	title = {Shakespeare, {Newton}, and {Beethoven}: {Or}, {Patterns} of {Creativity}},
	shorttitle = {Shakespeare, {Newton}, and {Beethoven}},
	language = {en},
	publisher = {University of Chicago, Center for Policy Study},
	author = {Chandrasekhar, Subrahmanyan},
	year = {1975},
	keywords = {Beethoven, Ludwig van, Creative ability, Newton, Isaac, Shakespeare, William}
}

@misc{noauthor_event_nodate,
	title = {Event {Horizon} {Telescope} {Collaboration}},
	url = {https://eventhorizontelescope.org/},
	language = {en},
	urldate = {2020-07-16},
	note = {Library Catalog: eventhorizontelescope.org},
	file = {Snapshot:/home/pawel/.zotero/zotero/2felkxqq.default/zotero/storage/UMAJ7PYS/eventhorizontelescope.org.html:text/html}
}

@book{wald_general_1984,
	address = {Chicago},
	title = {General {Relativity}},
	isbn = {978-0-226-87033-5},
	language = {en},
	publisher = {University of Chicago Press},
	author = {Wald, Robert M.},
	year = {1984},
	keywords = {General relativity (Physics)}
}

@book{feynman_character_1967,
	address = {Cambridge},
	series = {{MIT} {Press} {Paperback} {Series}},
	title = {The {Character} of {Physical} {Law}},
	language = {en},
	number = {66},
	publisher = {MIT Press},
	author = {Feynman, Richard Phillips},
	year = {1967},
	keywords = {Fizyka, wydawnictwa popularne}
}

@article{the_event_horizon_telescope_collaboration_first_2019,
	title = {First {M87} {Event} {Horizon} {Telescope} {Results}. {I}. {The} {Shadow} of the {Supermassive} {Black} {Hole}},
	volume = {875},
	issn = {2041-8205},
	url = {https://iopscience.iop.org/article/10.3847/2041-8213/ab0ec7/meta},
	doi = {10.3847/2041-8213/ab0ec7},
	language = {en},
	number = {1},
	urldate = {2020-07-16},
	journal = {The Astrophysical Journal Letters},
	author = {{The Event Horizon Telescope Collaboration}},
	month = apr,
	year = {2019},
	pages = {L1--17},
	file = {Full Text PDF:/home/pawel/.zotero/zotero/2felkxqq.default/zotero/storage/78WFPMT4/Collaboration et al. - 2019 - First M87 Event Horizon Telescope Results. I. The .pdf:application/pdf;Full Text PDF:/home/pawel/.zotero/zotero/2felkxqq.default/zotero/storage/NCXV3T3U/Collaboration et al. - 2019 - First M87 Event Horizon Telescope Results. I. The .pdf:application/pdf;Snapshot:/home/pawel/.zotero/zotero/2felkxqq.default/zotero/storage/WAQGVWFQ/ab0ec7.html:text/html;Snapshot:/home/pawel/.zotero/zotero/2felkxqq.default/zotero/storage/7M7VH9GD/ab0ec7.html:text/html}
}
