
@article{bocher_fundamental_1904,
	title = {The fundamental conceptions and methods of mathematics},
	volume = {11},
	issn = {0002-9904, 1936-881X},
	url = {https://projecteuclid.org/euclid.bams/1183418192},
	language = {en},
	number = {3},
	urldate = {2020-07-03},
	journal = {Bulletin of the American Mathematical Society},
	author = {Bôcher, Maxime},
	month = dec,
	year = {1904},
	mrnumber = {MR1558179},
	zmnumber = {35.0083.01},
	note = {Publisher: American Mathematical Society},
	pages = {115--135},
	file = {Full Text PDF:/home/pawel/.zotero/zotero/2felkxqq.default/zotero/storage/JNZNHA5K/Bôcher - 1904 - The fundamental conceptions and methods of mathema.pdf:application/pdf;Snapshot:/home/pawel/.zotero/zotero/2felkxqq.default/zotero/storage/E6MUXT49/1183418192.html:text/html}
}

@article{dadaczynski_tendencje_2015,
	title = {Tendencje w podstawach matematyki na początku {XX} wieku według {Maxime} {Bôchera} [{Trends} in the {Foundations} of {Mathematics} in the {Early} 20th {Century} {According} to {Maxime} {Bôcher}]},
	issn = {0066-6874, 2658-0438},
	url = {https://www.ceeol.com/search/article-detail?id=422395},
	language = {pl},
	number = {60},
	urldate = {2020-07-03},
	journal = {Archiwum Historii Filozofii i Myśli Społecznej},
	author = {Dadaczyński, Jerzy},
	year = {2015},
	note = {Publisher: Instytut Filozofii i Socjologii Polskiej Akademii Nauk},
	pages = {189--204},
	file = {Dadaczyński - 2015 - Tendencje w podstawach matematyki na początku XX w.pdf:/home/pawel/.zotero/zotero/2felkxqq.default/zotero/storage/DUBW5NGI/Dadaczyński - 2015 - Tendencje w podstawach matematyki na początku XX w.pdf:application/pdf}
}

@book{hadamard_psychology_1945,
	address = {Princeton, N.J.},
	title = {Psychology of {Invention} in the {Mathematical} {Field}},
	language = {en},
	publisher = {Princeton University Press},
	author = {Hadamard, Jacques},
	year = {1945},
	note = {OCLC: 36097117}
}

@article{hilbert_uber_1900,
	title = {Über den {Zahlbegriff}},
	volume = {8},
	issn = {0012-0456; 1869-7135},
	url = {https://eudml.org/doc/144659},
	language = {de},
	urldate = {2020-07-03},
	journal = {Jahresbericht der Deutschen Mathematiker-Vereinigung},
	author = {Hilbert, David},
	year = {1900},
	pages = {180--184},
	file = {Hilbert - 1900 - Über den Zahlbegriff.pdf:/home/pawel/.zotero/zotero/2felkxqq.default/zotero/storage/W2JAPICK/Hilbert - 1900 - Über den Zahlbegriff.pdf:application/pdf}
}

@incollection{hilbert_uber_1905,
	address = {Leipzig},
	title = {Über die {Grundlagen} der {Logik} und der {Arithmetik}},
	url = {http://archiv.ub.uni-heidelberg.de/volltextserver/id/eprint/16037},
	language = {de},
	urldate = {2020-07-03},
	booktitle = {Verhandlungen des 3. {Internationalen} {Mathematiker}-{Kongresses}: in {Heidelberg} vom 8. bis 13. {August} 1904},
	publisher = {Teubner},
	author = {Hilbert, David},
	editor = {Krazer, Adolf},
	year = {1905},
	doi = {10.11588/HEIDOK.00016037},
	keywords = {510 Mathematics},
	pages = {174--185},
	file = {Hilbert - 1905 - Über die Grundlagen der Logik und der Arithmetik.pdf:/home/pawel/.zotero/zotero/2felkxqq.default/zotero/storage/GDPZZX6J/Hilbert - 1905 - Über die Grundlagen der Logik und der Arithmetik.pdf:application/pdf}
}

@book{koetsier_lakatos_1991,
	address = {Amsterdam},
	title = {Lakatos' {Philosophy} of {Mathematics}: {A} {Historical} {Approach}},
	isbn = {978-0-444-88944-7},
	shorttitle = {Lakatos' {Philosophy} of {Mathematics}},
	abstract = {In this book, which is both a philosophical and historiographical study, the author investigates the fallibility and the rationality of mathematics by means of rational reconstructions of developments in mathematics. The initial chapters are devoted to a critical discussion of Lakatos' philosophy of mathematics. In the remaining chapters several episodes in the history of mathematics are discussed, such as the appearance of deduction in Greek mathematics and the transition from Eighteenth-Century to Nineteenth-Century analysis. The author aims at developing a notion of mathematical rationality that agrees with the historical facts. A modified version of Lakatos' methodology is proposed. The resulting constructions show that mathematical knowledge is fallible, but that its fallibility is remarkably weak.},
	language = {en},
	publisher = {North-Holland},
	author = {Koetsier, T.},
	year = {1991},
	keywords = {Mathematics / Mathematical Analysis}
}

@book{lakatos_proofs_1976,
	address = {Cambridge},
	title = {Proofs and {Refutations}: {The} {Logic} of {Mathematical} {Discovery}},
	isbn = {978-0-521-29038-8},
	shorttitle = {Proofs and {Refutations}},
	language = {en},
	publisher = {Cambridge University Press},
	author = {Lakatos, Imre},
	editor = {Worrall, John and Zahar, Elie},
	year = {1976},
	keywords = {filozofia, Logika symboliczna i matematyczna, Matematyka}
}

@book{poincare_valeur_1904,
	address = {Paris},
	series = {Bibliothèque de {Philosophie} {Scientifique}},
	title = {La valeur de la science},
	publisher = {Ernest Flammarion},
	author = {Poincaré, Henri},
	year = {1904},
	keywords = {Nauka}
}

@incollection{tymoczko_introduction_1986,
	address = {Boston; Basel; Stuttgart},
	title = {Introduction},
	isbn = {978-0-8176-3163-5},
	language = {en},
	booktitle = {New {Directions} in the {Philosophy} of {Mathematics}: {An} {Anthology}},
	publisher = {Birkhäuser},
	editor = {Tymoczko, Thomas},
	author = {Tymoczko, Thomas},
	year = {1986},
	keywords = {Mathematics, Philosophy},
	pages = {xiii--xvii}
}

@book{bocher_introduction_1907,
	address = {New York},
	title = {Introduction to {Higher} {Algebra}},
	url = {http://archive.org/details/cu31924002936536},
	abstract = {The metadata below describe the original scanning. Follow the "All Files: HTTP" link in the "View the book" box to the left to find XML files that contain more metadata about the original images and the derived formats (OCR results, PDF etc.). See also the What is the directory structure for the texts? FAQ for information about file content and naming conventions.},
	language = {en},
	urldate = {2020-07-03},
	publisher = {The Macmillan Company},
	author = {Bôcher, Maxime},
	editor = {Duval, Edmund Pendleton Randolph},
	collaborator = {{Cornell University Library}},
	year = {1907},
	keywords = {Algebra},
	file = {Bôcher - 1907 - Introduction to Higher Algebra.pdf:/home/pawel/.zotero/zotero/2felkxqq.default/zotero/storage/PSCDVZU6/Bôcher - 1907 - Introduction to Higher Algebra.pdf:application/pdf}
}

@article{lakatos_proofs_1963,
	title = {Proofs and {Refutations}},
	volume = {XIV},
	issn = {0007-0882},
	abstract = {I. LAKATOS;  PROOFS AND REFUTATIONS (IV) *, The British Journal for the Philosophy of Science, Volume XIV, Issue 56, 1 February 1964, Pages 296–342, https://doi},
	language = {en},
	number = {53-56},
	journal = {The British Journal for the Philosophy of Science},
	author = {Lakatos, I.},
	year = {1963},
	note = {Publisher: Oxford Academic},
	pages = {1--25, 120--139, 221--245, 296--342}
}
