
@incollection{heller_jozefa_2017,
	address = {Kraków},
	title = {Józefa Życińskiego idea pola racjonalności},
	isbn = {978-83-7438-584-8},
	booktitle = {Media, kultura, dialog : {W} piątą rocznicę śmierci arcybiskupa {Józefa} Życińskiego},
	publisher = {Uniwersytet Papieski Jana Pawła II w Krakowie. Wydawnictwo Naukowe},
	author = {Heller, Michał},
	editor = {Nęcek, Robert and Misztal, Wojciech},
	year = {2017},
	keywords = {konferencje, krytyka i interpretacja, Życiński, Józef},
	pages = {25--38}
}

@incollection{drozdz_poszukiwanie_2017,
	address = {Kraków},
	title = {Poszukiwanie sensu wobec postmodernizmu, relatywizmu i ironii},
	isbn = {978-83-7438-584-8},
	language = {pl},
	booktitle = {Media, kultura, dialog : {W} piątą rocznicę śmierci arcybiskupa {Józefa} Życińskiego},
	publisher = {Uniwersytet Papieski Jana Pawła II w Krakowie. Wydawnictwo Naukowe},
	author = {Drożdż, Michał},
	editor = {Nęcek, Robert and Misztal, Wojciech},
	year = {2017},
	keywords = {konferencje, krytyka i interpretacja, Życiński, Józef},
	pages = {181--198}
}

@incollection{klys_niezlomny_2017,
	address = {Kraków},
	title = {Niezłomny w stanie wojennym},
	isbn = {978-83-7438-584-8},
	language = {pl},
	booktitle = {Media, kultura, dialog : {W} piątą rocznicę śmierci arcybiskupa {Józefa} Życińskiego},
	publisher = {Uniwersytet Papieski Jana Pawła II w Krakowie. Wydawnictwo Naukowe},
	author = {Kłys, S.},
	editor = {Nęcek, Robert and Misztal, Wojciech},
	year = {2017},
	keywords = {konferencje, krytyka i interpretacja, Życiński, Józef},
	pages = {229--232}
}

@article{liana_nauka_2019,
	title = {Nauka jako racjonalna doxa. {Józefa} Życińskiego koncepcja nauki i filozofii nauki – poza internalizmem i eksternalizmem},
	copyright = {Copyright (c) 2019 Zagadnienia Filozoficzne w Nauce},
	issn = {2451-0602},
	url = {https://zfn.edu.pl/index.php/zfn/article/view/466},
	language = {pl},
	number = {66},
	urldate = {2020-07-03},
	journal = {Philosophical Problems in Science (Zagadnienia Filozoficzne w Nauce)},
	author = {Liana, Zbigniew},
	month = jul,
	year = {2019},
	note = {Number: 66},
	keywords = {externalism, internalism, metascience, metascientific revolution, philosophy of science, rationalism, scientific revolution, skepticism},
	pages = {147--199},
	file = {Full Text PDF:/home/pawel/.zotero/zotero/2felkxqq.default/zotero/storage/Q7VTZ9JQ/Liana - 2019 - Nauka jako racjonalna doxa. Józefa Życińskiego kon.pdf:application/pdf;Snapshot:/home/pawel/.zotero/zotero/2felkxqq.default/zotero/storage/AUA8QUKK/466.html:text/html}
}

@article{liana_2020,
	title = {Józefa Życińskiego koncepcja racjonalizmu umiarkowanego: epistemologiczna i~doksalogiczna funkcja podmiotowego {commitment}},
	issn = {2451-0602},
	url = {https://zfn.edu.pl/index.php/zfn/article/view/516},
	urldate = {2020-08-05},
	number = {68},
	journal = {Philosophical Problems in Science (Zagadnienia Filozoficzne w Nauce)},
	author = {Liana, Zbigniew},
	year = {2020},
	pages = {\pageref{liana-anfang}--\pageref{liana-ende}}
}

@article{polak_philosophy_2019,
	title = {Philosophy in science: {A} name with a long intellectual tradition},
	copyright = {Copyright (c) 2019 Philosophical Problems in Science (Zagadnienia Filozoficzne w Nauce)},
	issn = {2451-0602},
	shorttitle = {Philosophy in science},
	url = {https://zfn.edu.pl/index.php/zfn/article/view/472},
	language = {en},
	number = {66},
	urldate = {2020-07-03},
	journal = {Philosophical Problems in Science (Zagadnienia Filozoficzne w Nauce)},
	author = {Polak, Paweł},
	month = jul,
	year = {2019},
	note = {Number: 66},
	keywords = {analytic philosophy, interdisciplinary research, Lvov-Warsaw School, metaphilosophy, Michael Heller, non-foundational philosophy, philosophy in science, science and religion},
	pages = {251--270},
	file = {Full Text PDF:/home/pawel/.zotero/zotero/2felkxqq.default/zotero/storage/KVMDEEKS/Polak - 2019 - Philosophy in science A name with a long intellec.pdf:application/pdf;Snapshot:/home/pawel/.zotero/zotero/2felkxqq.default/zotero/storage/VNN4G7D7/472.html:text/html}
}

@incollection{wolenski_jozef_2017,
	address = {Kraków},
	title = {Józef Życiński jako filozof i człowiek},
	isbn = {978-83-7438-584-8},
	language = {pl},
	booktitle = {Media, kultura, dialog : {W} piątą rocznicę śmierci arcybiskupa {Józefa} Życińskiego},
	publisher = {Uniwersytet Papieski Jana Pawła II w Krakowie. Wydawnictwo Naukowe},
	author = {Woleński, Jan},
	editor = {Nęcek, Robert and Misztal, Wojciech},
	year = {2017},
	keywords = {konferencje, krytyka i interpretacja, Życiński, Józef},
	pages = {131--138}
}

@book{zycinski_struktura_2013,
	address = {Kraków},
	title = {Struktura rewolucji metanaukowej: {Studium} rozwoju współczesnej nauki},
	isbn = {978-83-7886-011-2},
	shorttitle = {Struktura rewolucji metanaukowej},
	language = {pl},
	publisher = {Copernicus Center Press},
	author = {Życiński, Józef},
	translator = {Furman, Michał},
	year = {2013},
	note = {OCLC: 1062216422}
}
